@article{yo:07,
  author  = {My Name and Your Name and Her Name},
  title   = {Our article},
  journal = {Journal},
  volume  = {1},
  pages   = {1--2},
  year    = {2007},
}
