@article{yo:08,
  author  = {My Name},
  title   = {Our article},
  journal = {Journal},
  volume  = {2},
  pages   = {1--2},
  year    = {2008},
}
